<record><leader>00000cas a2200000 a 4500</leader><controlfield tag="001">9626315</controlfield><controlfield tag="008">830620d18uu1929iluwr ne      0    0swe c</controlfield><datafield ind1=" " ind2=" " tag="010"><subfield code="a">sn 83045758 </subfield></datafield><datafield ind1=" " ind2=" " tag="040"><subfield code="a">CRL</subfield><subfield code="b">eng</subfield><subfield code="c">CRL</subfield><subfield code="d">NPW</subfield><subfield code="d">NVF</subfield><subfield code="d">CRL</subfield><subfield code="d">OCL</subfield><subfield code="d">CVF</subfield><subfield code="d">OCLCQ</subfield><subfield code="d">NVF</subfield><subfield code="d">OCLCQ</subfield><subfield code="d">OCLCF</subfield><subfield code="d">OCLCO</subfield></datafield><datafield ind1="1" ind2=" " tag="029"><subfield code="a">AU@</subfield><subfield code="b">000020227755</subfield></datafield><datafield ind1=" " ind2=" " tag="042"><subfield code="a">pcc</subfield></datafield><datafield ind1=" " ind2=" " tag="043"><subfield code="a">n-us-il</subfield></datafield><datafield ind1="0" ind2="0" tag="245"><subfield code="a">Svenska kuriren.</subfield></datafield><datafield ind1=" " ind2=" " tag="260"><subfield code="a">Chicago :</subfield><subfield code="b">Alex. J. Johnson,</subfield><subfield code="c">-1929.</subfield></datafield><datafield ind1=" " ind2=" " tag="300"><subfield code="a">v.</subfield></datafield><datafield ind1=" " ind2=" " tag="310"><subfield code="a">Weekly</subfield></datafield><datafield ind1="0" ind2=" " tag="362"><subfield code="a">-a&#778;rg. 46, no. 40 (3 okt. 1929).</subfield></datafield><datafield ind1=" " ind2=" " tag="530"><subfield code="a">Also issued on microfilm from Center for Research Libraries.</subfield></datafield><datafield ind1=" " ind2=" " tag="546"><subfield code="a">In Swedish.</subfield></datafield><datafield ind1=" " ind2=" " tag="588"><subfield code="a">Description based on: A&#778;rg. 4, no. 1 (1 jan. 1887).</subfield></datafield><datafield ind1=" " ind2="0" tag="650"><subfield code="a">Swedish Americans</subfield><subfield code="z">Illinois</subfield><subfield code="z">Chicago</subfield><subfield code="v">Newspapers.</subfield></datafield><datafield ind1=" " ind2="0" tag="651"><subfield code="a">Chicago (Ill.)</subfield><subfield code="v">Newspapers.</subfield></datafield><datafield ind1=" " ind2="7" tag="655"><subfield code="a">Newspapers.</subfield><subfield code="2">fast</subfield><subfield code="0">(OCoLC)fst01423814</subfield></datafield><datafield ind1=" " ind2="7" tag="650"><subfield code="a">Swedish Americans.</subfield><subfield code="2">fast</subfield><subfield code="0">(OCoLC)fst01140023</subfield></datafield><datafield ind1=" " ind2="7" tag="651"><subfield code="a">Illinois</subfield><subfield code="z">Chicago.</subfield><subfield code="2">fast</subfield><subfield code="0">(OCoLC)fst01204048</subfield></datafield><datafield ind1=" " ind2=" " tag="752"><subfield code="a">United States</subfield><subfield code="b">Illinois</subfield><subfield code="c">Cook</subfield><subfield code="d">Chicago.</subfield></datafield><datafield ind1="0" ind2="0" tag="780"><subfield code="t">Kurre</subfield><subfield code="w">(DLC)sn 92053378</subfield><subfield code="w">(OCoLC)26733936</subfield></datafield><datafield ind1="0" ind2="4" tag="785"><subfield code="t">Svenska amerikanaren (Chicago, Ill. : 1916)</subfield><subfield code="w">(DLC)sn 83045734</subfield><subfield code="w">(OCoLC)9642259</subfield></datafield></record>